<?xml version="1.0" encoding="UTF-8"?><collection xmlns="http://www.loc.gov/MARC21/slim"><record><leader>00727nam--2200193-i-4500</leader><controlfield tag="001">000007894</controlfield><controlfield tag="002">20161230</controlfield><controlfield tag="005">20161230201027</controlfield><controlfield tag="008">060222s1000------------r-----000-0-eng-d</controlfield><datafield ind1=" " ind2=" " tag="040"><subfield code="a">IFIN-HH</subfield></datafield><datafield ind1=" " ind2=" " tag="080"><subfield code="a">061.3:518.5:548.73</subfield></datafield><datafield ind1="1" ind2=" " tag="100"><subfield code="a">Pepinsky, Ray</subfield></datafield><datafield ind1="1" ind2="0" tag="245"><subfield code="a">Computing methods and the phase problem in x-ray crystal analysis</subfield><subfield code="b">Report of a conference he ld at glasgow, august, 1960</subfield><subfield code="c">Ray pepinsky, j.m. robertson, j.c. speakman (eds.)</subfield></datafield><datafield ind1=" " ind2=" " tag="260"><subfield code="a">London</subfield><subfield code="b">Pergamon Press</subfield><subfield code="c">1961</subfield></datafield><datafield ind1=" " ind2=" " tag="300"><subfield code="a">VIII + 326 P</subfield></datafield><datafield ind1=" " ind2=" " tag="490"><subfield code="a">International Tracts In Computer Science And Technology And Their Application</subfield><subfield code="v">Volume 4. Computing Methods</subfield></datafield><datafield ind1="1" ind2=" " tag="700"><subfield code="a">Speakman, J.C</subfield><subfield code="e">Ed</subfield></datafield><datafield ind1=" " ind2=" " tag="852"><subfield code="a">16058</subfield><subfield code="c">537.531</subfield></datafield><datafield ind1=" " ind2=" " tag="CAT"><subfield code="a">Sys</subfield><subfield code="c">20110809</subfield><subfield code="h">111121</subfield></datafield></record></collection>